@article{ng_sparse_2011,
	title = {Sparse autoencoder},
	volume = {72},
	number = {2011},
	journal = {CS294A Lecture notes},
	author = {Ng, Andrew},
	year = {2011},
	pages = {1--19},
	file = {Full Text:/home/davidp/snap/zotero-snap/common/Zotero/storage/5NPRRGV7/Ng - 2011 - Sparse autoencoder.pdf:application/pdf}
}